%% LaTeX2e file `report.bib'
%% generated by the `filecontents' environment
%% from source `report' on 2020/05/29.
%%
    @misc{ Qiskit,
           author = {H{\'e}ctor Abraham and AduOffei and Ismail Yunus Akhalwaya and Gadi Aleksandrowicz and Thomas Alexander and Gadi Alexandrowics and Eli Arbel and Abraham Asfaw and Carlos Azaustre and AzizNgoueya and Panagiotis Barkoutsos and George Barron and Luciano Bello and Yael Ben-Haim and Daniel Bevenius and Lev S. Bishop and Sorin Bolos and Samuel Bosch and Sergey Bravyi and David Bucher and Artemiy Burov and Fran Cabrera and Padraic Calpin and Lauren Capelluto and Jorge Carballo and Gin{\'e}s Carrascal and Adrian Chen and Chun-Fu Chen and Richard Chen and Jerry M. Chow and Christian Claus and Christian Clauss and Abigail J. Cross and Andrew W. Cross and Simon Cross and Juan Cruz-Benito and Chris Culver and Antonio D. C{\'o}rcoles-Gonzales and Sean Dague and Tareq El Dandachi and Matthieu Dartiailh and DavideFrr and Abd{\'o}n Rodr{\'\i}guez Davila and Anton Dekusar and Delton Ding and Jun Doi and Eric Drechsler and Drew and Eugene Dumitrescu and Karel Dumon and Ivan Duran and Kareem EL-Safty and Eric Eastman and Pieter Eendebak and Daniel Egger and Mark Everitt and Paco Mart{\'\i}n Fern{\'a}ndez and Axel Hern{\'a}ndez Ferrera and Albert Frisch and Andreas Fuhrer and MELVIN GEORGE and Julien Gacon and Gadi and Borja Godoy Gago and Claudio Gambella and Jay M. Gambetta and Adhisha Gammanpila and Luis Garcia and Shelly Garion and Austin Gilliam and Juan Gomez-Mosquera and Salvador de la Puente Gonz{\'a}lez and Jesse Gorzinski and Ian Gould and Donny Greenberg and Dmitry Grinko and Wen Guan and John A. Gunnels and Mikael Haglund and Isabel Haide and Ikko Hamamura and Vojtech Havlicek and Joe Hellmers and {\L}ukasz Herok and Stefan Hillmich and Hiroshi Horii and Connor Howington and Shaohan Hu and Wei Hu and Haruki Imai and Takashi Imamichi and Kazuaki Ishizaki and Raban Iten and Toshinari Itoko and JamesSeaward and Ali Javadi and Ali Javadi-Abhari and Jessica and Kiran Johns and Tal Kachmann and Naoki Kanazawa and Kang-Bae and Anton Karazeev and Paul Kassebaum and Spencer King and Knabberjoe and Arseny Kovyrshin and Rajiv Krishnakumar and Vivek Krishnan and Kevin Krsulich and Gawel Kus and Ryan LaRose and Rapha{\"e}l Lambert and Joe Latone and Scott Lawrence and Dennis Liu and Peng Liu and Yunho Maeng and Aleksei Malyshev and Jakub Marecek and Manoel Marques and Dolph Mathews and Atsushi Matsuo and Douglas T. McClure and Cameron McGarry and David McKay and Dan McPherson and Srujan Meesala and Martin Mevissen and Antonio Mezzacapo and Rohit Midha and Zlatko Minev and Abby Mitchell and Nikolaj Moll and Michael Duane Mooring and Renier Morales and Niall Moran and MrF and Prakash Murali and Jan M{\"u}ggenburg and David Nadlinger and Ken Nakanishi and Giacomo Nannicini and Paul Nation and Edwin Navarro and Yehuda Naveh and Scott Wyman Neagle and Patrick Neuweiler and Pradeep Niroula and Hassi Norlen and Lee James O'Riordan and Oluwatobi Ogunbayo and Pauline Ollitrault and Steven Oud and Dan Padilha and Hanhee Paik and Simone Perriello and Anna Phan and Francesco Piro and Marco Pistoia and Alejandro Pozas-iKerstjens and Viktor Prutyanov and Daniel Puzzuoli and Jes{\'u}s P{\'e}rez and Quintiii and Rudy Raymond and Rafael Mart{\'\i}n-Cuevas Redondo and Max Reuter and Julia Rice and Diego M. Rodr{\'\i}guez and RohithKarur and Max Rossmannek and Mingi Ryu and Tharrmashastha SAPV and SamFerracin and Martin Sandberg and Hayk Sargsyan and Ninad Sathaye and Bruno Schmitt and Chris Schnabel and Zachary Schoenfeld and Travis L. Scholten and Eddie Schoute and Joachim Schwarm and Ismael Faro Sertage and Kanav Setia and Nathan Shammah and Yunong Shi and Adenilton Silva and Andrea Simonetto and Nick Singstock and Yukio Siraichi and Iskandar Sitdikov and Seyon Sivarajah and Magnus Berg Sletfjerding and John A. Smolin and Mathias Soeken and Igor Olegovich Sokolov and SooluThomas and Dominik Steenken and Matt Stypulkoski and Jack Suen and Shaojun Sun and Kevin J. Sung and Hitomi Takahashi and Ivano Tavernelli and Charles Taylor and Pete Taylour and Soolu Thomas and Mathieu Tillet and Maddy Tod and Enrique de la Torre and Kenso Trabing and Matthew Treinish and TrishaPe and Wes Turner and Yotam Vaknin and Carmen Recio Valcarce and Francois Varchon and Almudena Carrera Vazquez and Desiree Vogt-Lee and Christophe Vuillot and James Weaver and Rafal Wieczorek and Jonathan A. Wildstrom and Robert Wille and Erick Winston and Jack J. Woehr and Stefan Woerner and Ryan Woo and Christopher J. Wood and Ryan Wood and Stephen Wood and Steve Wood and James Wootton and Daniyar Yeralin and Richard Young and Jessie Yu and Christopher Zachow and Laura Zdanski and Christa Zoufal and Zoufalc and a-matsuo and adekusar-drl and azulehner and bcamorrison and brandhsn and chlorophyll-zz and dan1pal and dime10 and drholmie and elfrocampeador and faisaldebouni and fanizzamarco and gadial and gruu and jliu45 and kanejess and klinvill and kurarrr and lerongil and ma5x and merav-aharoni and michelle4654 and ordmoj and sethmerkel and strickroman and sumitpuri and tigerjack and toural and vvilpas and welien and willhbang and yang.luh and yelojakit and yotamvakninibm},
           title = {Qiskit: An Open-source Framework for Quantum Computing},
           year = {2019},
           doi = {10.5281/zenodo.2562110}
    },
    @misc{pyquil,
        title={A Practical Quantum Instruction Set Architecture},
        author={Robert S. Smith and Michael J. Curtis and William J. Zeng},
        year={2016},
        eprint={1608.03355},
        archivePrefix={arXiv},
        primaryClass={quant-ph}
    }
    @techreport{pep8,
        author  = {Guido van Rossum and Barry Warsaw and Nick Coghlan},
        title   = {Style Guide for {Python} Code},
        year    = {2001},
        type    = {PEP},
        number  = {8},
        url     = {https://www.python.org/dev/peps/pep-0008/},
    },
    @article{numpy,
        author={S. {van der Walt} and S. C. {Colbert} and G. {Varoquaux}},
        journal={Computing in Science \& Engineering},
        title={The {NumPy} Array: A Structure for Efficient Numerical Computation},
        year={2011},
        volume={13},
        number={2},
        pages={22-30},
    },
    @book{python3,
        author = {Van Rossum, Guido and Drake, Fred L.},
        title = {Python 3 Reference Manual},
        year = {2009},
        isbn = {1441412697},
        publisher = {CreateSpace},
        address = {Scotts Valley, CA}
    },
    @manual{cirq,
        author = "{The Cirq Developers}",
        title = {Cirq Documentation},
        year = {2020}
    },
    @manual{operators,
        author = {Qiskit},
        title = {Operators},
        year = {2020},
        note = {\url{https://qiskit.org/documentation/tutorials/circuits_advanced/2_operators_overview.html}}
    },
    @manual{circuits,
        author = {Qiskit},
        title = {QuantumCircuits},
        year = {2020},
        note = {\url{https://qiskit.org/documentation/apidoc/circuit.html}}
    },
    @manual{gates,
        author = {Qiskit},
        title = {Proving Universality},
        year = {2020},
        note = {\url{https://qiskit.org/textbook/ch-gates/proving-universality.html}}
    },
    @article{opt,
      author    = {Xin Zhang and
                   Hong Xiang and
                   Tao Xiang and
                   Li Fu and
                   Jun Sang},
      title     = {An efficient quantum circuits optimizing scheme compared with QISKit},
      journal   = {CoRR},
      volume    = {abs/1807.01703},
      year      = {2018},
      url       = {http://arxiv.org/abs/1807.01703},
      archivePrefix = {arXiv},
      eprint    = {1807.01703},
      timestamp = {Mon, 13 Aug 2018 16:48:09 +0200},
      biburl    = {https://dblp.org/rec/journals/corr/abs-1807-01703.bib},
      bibsource = {dblp computer science bibliography, https://dblp.org}
    },
    @manual{rigetti,
        author = {Rigetti},
        title = {Forest SDK Documentation},
        year = {2020}
    }
