%% LaTeX2e file `report.bib'
%% generated by the `filecontents' environment
%% from source `report' on 2020/05/11.
%%
    @techreport{pep8,
        author  = {Guido van Rossum and Barry Warsaw and Nick Coghlan},
        title   = {Style Guide for {Python} Code},
        year    = {2001},
        type    = {PEP},
        number  = {8},
        url     = {https://www.python.org/dev/peps/pep-0008/},
    },
    @article{numpy,
        author={S. {van der Walt} and S. C. {Colbert} and G. {Varoquaux}},
        journal={Computing in Science \& Engineering},
        title={The {NumPy} Array: A Structure for Efficient Numerical Computation},
        year={2011},
        volume={13},
        number={2},
        pages={22-30},
    }
